<?xml version="1.0" encoding="UTF-8"?>
<collection
  xmlns:xsi="http://www.w3.org/2001/XMLSchema-instance"
  xsi:schemaLocation="http://www.loc.gov/MARC21/slim http://www.loc.gov/standards/marcxml/schema/MARC21slim.xsd"
  xmlns="http://www.loc.gov/MARC21/slim">

<record>
  <leader>01240nam a2200361   4500</leader>
  <controlfield tag="001">np9428849</controlfield>
  <controlfield tag="003">CZ PrNK</controlfield>
  <controlfield tag="005">20080602135509.0</controlfield>
  <controlfield tag="007">tu</controlfield>
  <controlfield tag="008">941024s1994    xr           u0|0   cze  </controlfield>
  <datafield tag="015" ind1=" " ind2=" ">
    <subfield code="a">cnb000087983</subfield>
  </datafield>
  <datafield tag="020" ind1=" " ind2=" ">
    <subfield code="a">80-85812-08-8</subfield>
    <subfield code="q">(váz.)</subfield>
  </datafield>
  <datafield tag="035" ind1=" " ind2=" ">
    <subfield code="a">(OCoLC)39576885</subfield>
  </datafield>
  <datafield tag="040" ind1=" " ind2=" ">
    <subfield code="a">ABA001</subfield>
    <subfield code="b">cze</subfield>
  </datafield>
  <datafield tag="041" ind1="1" ind2=" ">
    <subfield code="a">cze</subfield>
    <subfield code="h">ger</subfield>
  </datafield>
  <datafield tag="080" ind1=" " ind2=" ">
    <subfield code="a">316.3</subfield>
    <subfield code="2">undef</subfield>
  </datafield>
  <datafield tag="080" ind1=" " ind2=" ">
    <subfield code="a">830-4</subfield>
    <subfield code="2">undef</subfield>
  </datafield>
  <datafield tag="100" ind1="1" ind2=" ">
    <subfield code="a">Canetti, Elias,</subfield>
    <subfield code="d">1905-1994</subfield>
    <subfield code="7">jn19990001316</subfield>
    <subfield code="4">aut</subfield>
  </datafield>
  <datafield tag="245" ind1="1" ind2="0">
    <subfield code="a">Masa a moc /</subfield>
    <subfield code="c">Elias Canetti ; z němčiny přeložil Jiří Stromšík</subfield>
  </datafield>
  <datafield tag="250" ind1=" " ind2=" ">
    <subfield code="a">1. vyd.</subfield>
  </datafield>
  <datafield tag="260" ind1=" " ind2=" ">
    <subfield code="a">Praha :</subfield>
    <subfield code="b">Arcadia,</subfield>
    <subfield code="c">1994</subfield>
  </datafield>
  <datafield tag="300" ind1=" " ind2=" ">
    <subfield code="a">575 s. ;</subfield>
    <subfield code="c">22 cm</subfield>
  </datafield>
  <datafield tag="490" ind1="1" ind2=" ">
    <subfield code="a">Studio klasik ;</subfield>
    <subfield code="v">sv. 1</subfield>
  </datafield>
  <datafield tag="504" ind1=" " ind2=" ">
    <subfield code="a">Obsahuje bibliografii a bibliografické odkazy</subfield>
  </datafield>
  <datafield tag="653" ind1="0" ind2=" ">
    <subfield code="a">antropologie</subfield>
    <subfield code="a">lidské masy</subfield>
    <subfield code="a">mocenské struktury</subfield>
    <subfield code="a">sociologie davu</subfield>
  </datafield>
  <datafield tag="700" ind1="1" ind2=" ">
    <subfield code="a">Stromšík, Jiří,</subfield>
    <subfield code="d">1939-</subfield>
    <subfield code="7">jk01121492</subfield>
    <subfield code="4">trl</subfield>
  </datafield>
  <datafield tag="765" ind1="0" ind2=" ">
    <subfield code="t">Masse und Macht</subfield>
    <subfield code="9">Česky</subfield>
  </datafield>
  <datafield tag="830" ind1=" " ind2="0">
    <subfield code="a">Studio klasik</subfield>
  </datafield>
  <datafield tag="856" ind1="4" ind2="1">
    <subfield code="u">http://krameriusndk.nkp.cz/search/handle/uuid:dec885c0-51fc-11e5-bf4b-005056827e51</subfield>
    <subfield code="y">Digitalizovaný dokument</subfield>
  </datafield>
  <datafield tag="910" ind1=" " ind2=" ">
    <subfield code="a">ABA001</subfield>
  </datafield>
  <datafield tag="964" ind1=" " ind2=" ">
    <subfield code="a">společnost - struktury mocenské - eseje</subfield>
  </datafield>
  <datafield tag="964" ind1=" " ind2=" ">
    <subfield code="a">masy lidské - hledisko historicko-sociologické - eseje</subfield>
  </datafield>
  <datafield tag="998" ind1=" " ind2=" ">
    <subfield code="a">000087983</subfield>
  </datafield>
</record>

</collection>